@article{Baldi_2014,
   title={Searching for exotic particles in high-energy physics with deep learning},
   volume={5},
   ISSN={2041-1723},
   url={http://dx.doi.org/10.1038/ncomms5308},
   DOI={10.1038/ncomms5308},
   number={1},
   journal={Nature Communications},
   publisher={Springer Science and Business Media LLC},
   author={Baldi, P. and Sadowski, P. and Whiteson, D.},
   year={2014},
   month={jul} 
}

@misc{higgs_280,
  author       = {Whiteson, Daniel},
  title        = {{HIGGS}},
  year         = {2014},
  howpublished = {UCI Machine Learning Repository},
  note         = {{DOI}: \url{https://doi.org/10.24432/C5V312}}
}

@misc{susy_279,
  author       = {Whiteson, Daniel},
  title        = {{SUSY}},
  year         = {2014},
  howpublished = {UCI Machine Learning Repository},
  note         = {{DOI}: \url{https://doi.org/10.24432/C54606}}
}

@misc{hepmass_347,
  author       = {Whiteson, Daniel},
  title        = {{HEPMASS}},
  year         = {2016},
  howpublished = {UCI Machine Learning Repository},
  note         = {{DOI}: \url   {https://doi.org/10.24432/C5PP5W}}
}